@article{Korner2009,
    title = {{Fourier} Transforms of Measures and Algebraic Relations on Their Supports},
    author = {Thomas W. K\"{o}rner},
    journal = {Annales de L'Institut Fourier},
    year = {2009}
}

@article{Denson2019,
    title = {Large Sets Avoiding Rough Patterns},
    author = {Jacob Denson, Malabika Pramanik, Joshua Zahl},
    year = {2019}}

@article{Ekstrom2014,
    title = {On The {Fourier} Dimension and a Modification},
    author = {Fredrik Ekstr\"{o}m, Tomas Persson, J\"{o}rg Schmeling},
    year = {2015}
}

@article{Ekstrom2017,
    title = {A Survey on the Fourier Dimension},
    author = {Fredrik Ekstr\"{o}m, J\"{o}rg Schmeling},
    year = {2017}
}

@article{Kahane2000,
    title = {Probabilities and {Baire's} Theory in Harmonic Analysis},
    author = {J.P. Kahane},
    year = {2000}
}

@article{Lyons1995,
  title = {Seventy Years of {Rajchman} Measures},
  author = {R. Lyons},
  year = {1995}
}

@book{Kahane1994,
  title = {Some Random Series of Functions},
  author = {Jean-Pierre Kahane},
  year = {1994}
}

@book{Krantz2007,
  title = {Explorations in Harmonic Analysis},
  author = {Steven G. Krantz, Lina Lee},
  year = {2007}
}

@book{Krantz2002,
  title = {A Primer on Real Analytic Functions},
  author = {Steven G. Krantz, Harold R. Parks},
  year = {2002}
}

@book{Ziemer1989,
  title = {Weakly Differentiable Functions},
  author = {William P. Ziemer},
  year = {1989}
}

@book{Evans1992,
  title = {Measure Theory and Fine Properties of Functions},
  author = {Ronald F. Gariepy, Lawrence C. Evans},
  year = {1992}
}

@article{Bernicot2016,
  title = {Sharp Weighted Norm Estimates Beyond {C}alde\'{r}on-{Z}ygmund Theory},
  author = {Fr\'{e}d\'{e}ric Bernicot, Dorothee Frey, Stefanie Petermichl},
  year = {2016}
}

@article{Lacey2016,
  title = {Sparse Bounds for Oscillatory and Random Singular Integrals},
  author = {Michael T. Lacey, Scott Spencer},
  year = {2016}
}

@article{Beltran2017,
  title = {Sparse Bounds for Psuedodifferential Operators},
  author = {David Beltran, Laura Cladek},
  year = {2017}
}

@article{Lacey2017,
  title = {Sparse Bounds for Bochner-Riesz Means},
  author = {Michael T. Lacey, Dar\'{i}o Mena, Maria Carmen Reguera},
  year = {2017}
}

@article{Steinerberger2020,
  title = {{F}ourier Uncertainty Principles, Scale Space Theory and the Smoothest Average},
  author = {Stefan Steinerberger},
  year = {2020}
}